@BOOK{Hoelldobler2011,
	AUTHOR = {Hoelldobler, Steffen},
	YEAR = {2011},
	TITLE = {Logik und Logikprogrammierung - Band 1: Grundlagen. Band 2: Aufgaben und Loesungen. Kolleg Synchron},
	EDITION = {1. Aufl.},
	ISBN = {978-3-939-38142-6},
	PUBLISHER = {Synchron},
	ADDRESS = {Heidelberg},
}